<?xml version="1.0" encoding="UTF-8"?><collection xmlns="http://www.loc.gov/MARC21/slim"><record><leader>00368nam--2200133-i-4500</leader><controlfield tag="001">000020187</controlfield><controlfield tag="002">20161230</controlfield><controlfield tag="005">20161230201033</controlfield><controlfield tag="008">060222s1000------------r-----000-0-eng-d</controlfield><datafield ind1=" " ind2=" " tag="080"><subfield code="a">514.75(075.8)</subfield></datafield><datafield ind1=" " ind2=" " tag="100"><subfield code="a">Dobrescu, Andrei</subfield></datafield><datafield ind1=" " ind2=" " tag="245"><subfield code="a">Curs de geometrie diferentiala.curbe plane. curbe strimbe</subfield></datafield><datafield ind1=" " ind2=" " tag="260"><subfield code="a">Iasi, Litografia Invatamintului 1956. 148 P</subfield></datafield><datafield ind1=" " ind2=" " tag="852"><subfield code="a">75856</subfield></datafield></record></collection>